
%TEMPLATE

@article{Xarticle,
    author    = "",
    title     = "",
    journal   = "",
    %volume   = "",
    %number   = "",
    %pages    = "",
    year      = "XXXX",
    %month    = "",
    %note     = "",
}

@book{Xbook,
    author    = "",
    title     = "",
    publisher = "",
    %volume   = "",
    %number   = "",
    %series   = "",
    %address  = "",
    %edition  = "",
    year      = "XXXX",
    %month    = "",
    %note     = "",
}
%sezione all'interno di un libro con un titolo proprio
@incollection{Xincollection,
    author  = "",
    title   = "",
    booktitle= "",
    publisher= "",
    %editor = "",
    %volume = "",
    %number = "",
    %series = "",
    %type   = "",
    %chapter= "",
    %pages  = "",
    %address= "",
    %edition= "",
    year    = "",
    %month  = "",
    %note   = "",
}

@unpublished{Xunpublished,
    author  = "",
    title   = "",
    %year   = "",
    %month  = "",
    note    = "",
}
%pubblicazione generale
@misc{Xmisc,
    %author    = "",
    %title     = "",
    %howpublished = "",
    %year     = "XXXX",
    %month    = "",
    %note     = "",
}